<record xmlns='http://www.loc.gov/MARC21/slim'><leader>01576cim a22003372u 4500</leader><controlfield tag='001'>3600414</controlfield><controlfield tag='005'>20151214182557.0</controlfield><controlfield tag='007'>ss|lmnjluz|nuu</controlfield><controlfield tag='008'>991101s1987    nyunnn         l    eng d</controlfield><datafield ind1=' ' ind2=' ' tag='035'><subfield code='a'>(NIC)notisASF7479</subfield></datafield><datafield ind1=' ' ind2=' ' tag='035'><subfield code='a'>3600414</subfield></datafield><datafield ind1=' ' ind2=' ' tag='035'><subfield code='a'>(OCoLC)63896017</subfield></datafield><datafield ind1=' ' ind2=' ' tag='040'><subfield code='a'>NIC</subfield><subfield code='c'>NIC</subfield><subfield code='d'>NIC</subfield><subfield code='d'>NIC</subfield></datafield><datafield ind1='1' ind2=' ' tag='100'><subfield code='a'>Salinger, Pierre.</subfield></datafield><datafield ind1='1' ind2='4' tag='245'><subfield code='a'>The dangerous realities of America&apos;s misperceptions of the world</subfield><subfield code='h'>[sound recording]</subfield></datafield><datafield ind1=' ' ind2=' ' tag='260'><subfield code='c'>1987.</subfield></datafield><datafield ind1=' ' ind2=' ' tag='300'><subfield code='a'>1 sound cassette (88 min.) :</subfield><subfield code='b'>analog, mono.</subfield></datafield><datafield ind1=' ' ind2=' ' tag='500'><subfield code='a'>Recorded in Ithaca, NY by Cornell University.</subfield></datafield><datafield ind1=' ' ind2=' ' tag='500'><subfield code='a'>Accompanied by: Notes.</subfield></datafield><datafield ind1=' ' ind2=' ' tag='500'><subfield code='a'>Sponsored by: Center for International Studies,University Events (Public Affairs) Office of.</subfield></datafield><datafield ind1=' ' ind2=' ' tag='500'><subfield code='a'>Speaker(s): The Henry E. and Nancy Horton Bartels World Affairs Fellow; ABC News Chief Foreign Correspondent, Paris; Former Press Secretary to Presidents John F. Kennedy and Lyndon B. Johnson.</subfield></datafield><datafield ind1=' ' ind2=' ' tag='518'><subfield code='a'>Lecture, November 12, 1987.</subfield></datafield><datafield ind1=' ' ind2=' ' tag='520'><subfield code='a'>Salinger discusses his experiences as a news correspondent and his views regarding American foreign policy, including his encouragement for individuals to be involved and informed regarding current affairs.</subfield></datafield><datafield ind1=' ' ind2='0' tag='651'><subfield code='a'>United States</subfield><subfield code='x'>Politics and government.</subfield></datafield><datafield ind1=' ' ind2='0' tag='651'><subfield code='a'>United States</subfield><subfield code='x'>Foreign relations.</subfield></datafield><datafield ind1=' ' ind2='7' tag='650'><subfield code='a'>Diplomatic relations</subfield><subfield code='2'>fast</subfield><subfield code='0'>(OCoLC)fst01907412</subfield></datafield><datafield ind1=' ' ind2='7' tag='650'><subfield code='a'>Political science</subfield><subfield code='2'>fast</subfield><subfield code='0'>(OCoLC)fst01069781</subfield></datafield><datafield ind1=' ' ind2='7' tag='651'><subfield code='a'>United States</subfield><subfield code='2'>fast</subfield><subfield code='0'>(OCoLC)fst01204155</subfield></datafield><datafield ind1='1' ind2=' ' tag='899'><subfield code='a'>CULectures</subfield></datafield><datafield ind1=' ' ind2=' ' tag='905'><subfield code='a'>20000320120000.0</subfield></datafield><datafield ind1='2' ind2=' ' tag='948'><subfield code='a'>20141221</subfield><subfield code='b'>m</subfield><subfield code='d'>batch</subfield><subfield code='e'>lts</subfield><subfield code='x'>addfast</subfield></datafield></record>